%% This BibTeX bibliography file was created using BibDesk.
%% https://bibdesk.sourceforge.io/

%% Created for Kevin Song at 2019-01-15 17:18:35 -0600 


%% Saved with string encoding Unicode (UTF-8) 



@article{hong2014,
	Author = {Hong, Heedeok},
	Date-Added = {2019-01-15 23:18:12 +0000},
	Date-Modified = {2019-01-15 23:18:18 +0000},
	Journal = {Archives of biochemistry and biophysics},
	Pages = {297--313},
	Publisher = {Elsevier},
	Title = {Toward understanding driving forces in membrane protein folding},
	Volume = {564},
	Year = {2014}}

@article{zhou2003,
	Author = {Zhou, Yufeng and MacKinnon, Roderick},
	Date-Added = {2019-01-15 20:51:05 +0000},
	Date-Modified = {2019-01-15 20:51:10 +0000},
	Journal = {Journal of molecular biology},
	Number = {5},
	Pages = {965--975},
	Publisher = {Elsevier},
	Title = {The occupancy of ions in the K+ selectivity filter: charge balance and coupling of ion binding to a protein conformational change underlie high conduction rates},
	Volume = {333},
	Year = {2003}}

@article{devaraneni2011,
	Author = {Devaraneni, Prasanna K and Devereaux, Jordan J and Valiyaveetil, Francis I},
	Date-Added = {2019-01-15 18:35:11 +0000},
	Date-Modified = {2019-01-15 18:35:17 +0000},
	Journal = {Biochemistry},
	Number = {48},
	Pages = {10442--10450},
	Publisher = {ACS Publications},
	Title = {In vitro folding of KvAP, a voltage-gated K+ channel},
	Volume = {50},
	Year = {2011}}

@article{shieh2000,
	Author = {Shieh, Char-Chang and Coghlan, Michael and Sullivan, James P and Gopalakrishnan, Murali},
	Date-Added = {2019-01-04 21:47:01 +0000},
	Date-Modified = {2019-01-04 21:47:12 +0000},
	Journal = {Pharmacological reviews},
	Number = {4},
	Pages = {557--594},
	Publisher = {ASPET},
	Title = {Potassium channels: molecular defects, diseases, and therapeutic opportunities},
	Volume = {52},
	Year = {2000}}

@article{liu2015,
	Author = {Liu, Jintao and Prindle, Arthur and Humphries, Jacqueline and Gabalda-Sagarra, Mar{\c{c}}al and Asally, Munehiro and Dong-yeon, D Lee and Ly, San and Garcia-Ojalvo, Jordi and S{\"u}el, G{\"u}rol M},
	Date-Added = {2019-01-04 15:40:54 +0000},
	Date-Modified = {2019-01-04 15:41:03 +0000},
	Journal = {Nature},
	Number = {7562},
	Pages = {550},
	Publisher = {Nature Publishing Group},
	Title = {Metabolic co-dependence gives rise to collective oscillations within biofilms},
	Volume = {523},
	Year = {2015}}

@article{prindle2015,
	Author = {Prindle, Arthur and Liu, Jintao and Asally, Munehiro and Ly, San and Garcia-Ojalvo, Jordi and S{\"u}el, G{\"u}rol M},
	Date-Added = {2019-01-04 15:39:56 +0000},
	Date-Modified = {2019-01-04 15:40:02 +0000},
	Journal = {Nature},
	Number = {7576},
	Pages = {59},
	Publisher = {Nature Publishing Group},
	Title = {Ion channels enable electrical communication in bacterial communities},
	Volume = {527},
	Year = {2015}}

@article{vitrac2015,
	Author = {Vitrac, Heidi and MacLean, David M and Jayaraman, Vasanthi and Bogdanov, Mikhail and Dowhan, William},
	Date-Added = {2019-01-03 17:01:12 +0000},
	Date-Modified = {2019-01-03 17:01:25 +0000},
	Journal = {Proceedings of the National Academy of Sciences},
	Number = {45},
	Pages = {13874--13879},
	Publisher = {National Acad Sciences},
	Title = {Dynamic membrane protein topological switching upon changes in phospholipid environment},
	Volume = {112},
	Year = {2015}}

@article{vitrac2013,
	Author = {Vitrac, Heidi and Bogdanov, Mikhail and Dowhan, William},
	Date-Added = {2019-01-03 16:59:55 +0000},
	Date-Modified = {2019-01-03 17:00:01 +0000},
	Journal = {Proceedings of the National Academy of Sciences},
	Number = {23},
	Pages = {9338--9343},
	Publisher = {National Acad Sciences},
	Title = {In vitro reconstitution of lipid-dependent dual topology and postassembly topological switching of a membrane protein},
	Volume = {110},
	Year = {2013}}

@article{bogdanov2010,
	Author = {Bogdanov, Mikhail and Heacock, Philip and Guan, Ziqiang and Dowhan, William},
	Date-Added = {2019-01-03 16:39:08 +0000},
	Date-Modified = {2019-01-03 16:39:18 +0000},
	Journal = {Proceedings of the National Academy of Sciences},
	Number = {34},
	Pages = {15057--15062},
	Publisher = {National Acad Sciences},
	Title = {Plasticity of lipid-protein interactions in the function and topogenesis of the membrane protein lactose permease from Escherichia coli},
	Volume = {107},
	Year = {2010}}

@article{plummer2016,
	Author = {Plummer, Ashlee M and Fleming, Karen G},
	Date-Added = {2018-12-17 20:10:15 +0000},
	Date-Modified = {2018-12-17 20:10:21 +0000},
	Journal = {Trends in biochemical sciences},
	Number = {10},
	Pages = {872--882},
	Publisher = {Elsevier},
	Title = {From chaperones to the membrane with a BAM!},
	Volume = {41},
	Year = {2016}}

@article{gessmann2014,
	Author = {Gessmann, Dennis and Chung, Yong Hee and Danoff, Emily J and Plummer, Ashlee M and Sandlin, Clifford W and Zaccai, Nathan R and Fleming, Karen G},
	Date-Added = {2018-12-17 20:09:42 +0000},
	Date-Modified = {2018-12-17 20:09:51 +0000},
	Journal = {Proceedings of the National Academy of Sciences},
	Pages = {201322473},
	Publisher = {National Acad Sciences},
	Title = {Outer membrane $\beta$-barrel protein folding is physically controlled by periplasmic lipid head groups and BamA},
	Year = {2014}}

@article{chill2007,
	Author = {Chill, Jordan H and Louis, John M and Delaglio, Frank and Bax, Ad},
	Date-Added = {2018-12-17 19:38:04 +0000},
	Date-Modified = {2018-12-17 19:38:11 +0000},
	Journal = {Biochimica et Biophysica Acta (BBA)-Biomembranes},
	Number = {12},
	Pages = {3260--3270},
	Publisher = {Elsevier},
	Title = {Local and global structure of the monomeric subunit of the potassium channel KcsA probed by NMR},
	Volume = {1768},
	Year = {2007}}

@article{hong2004,
	Author = {Hong, Heedeok and Tamm, Lukas K},
	Date-Added = {2018-12-17 19:25:43 +0000},
	Date-Modified = {2018-12-17 19:25:48 +0000},
	Journal = {Proceedings of the National Academy of Sciences},
	Number = {12},
	Pages = {4065--4070},
	Publisher = {National Acad Sciences},
	Title = {Elastic coupling of integral membrane protein stability to lipid bilayer forces},
	Volume = {101},
	Year = {2004}}

@article{huysmans2010,
	Author = {Huysmans, Gerard HM and Baldwin, Stephen A and Brockwell, David J and Radford, Sheena E},
	Date-Added = {2018-12-17 19:24:57 +0000},
	Date-Modified = {2018-12-17 19:25:04 +0000},
	Journal = {Proceedings of the National Academy of Sciences},
	Number = {9},
	Pages = {4099--4104},
	Publisher = {National Acad Sciences},
	Title = {The transition state for folding of an outer membrane protein},
	Volume = {107},
	Year = {2010}}

@article{sanchez2008,
	Author = {Sanchez, Katheryn M and Gable, Jonathan E and Schlamadinger, Diana E and Kim, Judy E},
	Date-Added = {2018-12-17 19:24:05 +0000},
	Date-Modified = {2018-12-17 19:24:14 +0000},
	Journal = {Biochemistry},
	Number = {48},
	Pages = {12844--12852},
	Publisher = {ACS Publications},
	Title = {Effects of tryptophan microenvironment, soluble domain, and vesicle size on the thermodynamics of membrane protein folding: lessons from the transmembrane protein OmpA},
	Volume = {47},
	Year = {2008}}

@article{pocanschi2006,
	Author = {Pocanschi, Cosmin L and Patel, Geetika J and Marsh, Derek and Kleinschmidt, J{\"o}rg H},
	Date-Added = {2018-12-17 19:23:14 +0000},
	Date-Modified = {2018-12-17 19:23:20 +0000},
	Journal = {Biophysical journal},
	Number = {8},
	Pages = {L75--L77},
	Publisher = {Elsevier},
	Title = {Curvature elasticity and refolding of OmpA in large unilamellar vesicles},
	Volume = {91},
	Year = {2006}}

@article{moon2011pnas,
	Author = {Moon, C Preston and Fleming, Karen G},
	Date-Added = {2018-12-17 19:21:20 +0000},
	Date-Modified = {2018-12-17 19:21:26 +0000},
	Journal = {Proceedings of the National Academy of Sciences},
	Number = {25},
	Pages = {10174--10177},
	Publisher = {National Acad Sciences},
	Title = {Side-chain hydrophobicity scale derived from transmembrane protein folding into lipid bilayers},
	Volume = {108},
	Year = {2011}}

@article{moon2013,
	Author = {Moon, C Preston and Zaccai, Nathan R and Fleming, Patrick J and Gessmann, Dennis and Fleming, Karen G},
	Date-Added = {2018-12-17 19:13:53 +0000},
	Date-Modified = {2018-12-17 19:14:01 +0000},
	Journal = {Proceedings of the National Academy of Sciences},
	Pages = {201212527},
	Publisher = {National Acad Sciences},
	Title = {Membrane protein thermodynamic stability may serve as the energy sink for sorting in the periplasm},
	Year = {2013}}

@article{moon2011,
	Author = {Moon, C Preston and Kwon, Sarah and Fleming, Karen G},
	Date-Added = {2018-12-17 18:54:26 +0000},
	Date-Modified = {2018-12-17 18:54:36 +0000},
	Journal = {Journal of molecular biology},
	Number = {2},
	Pages = {484--494},
	Publisher = {Elsevier},
	Title = {Overcoming hysteresis to attain reversible equilibrium folding for outer membrane phospholipase A in phospholipid bilayers},
	Volume = {413},
	Year = {2011}}

@article{ahmed2018,
	Author = {Ahmed, M. C. and Papaleo, E. and Lindorff-Larsen, K.},
	Doi = {ARTN e4967 10.7717/peerj.4967},
	Issn = {2167-8359},
	Journal = {Peerj},
	Title = {How well do force fields capture the strength of salt bridges in proteins?},
	Type = {Journal Article},
	Url = {<Go to ISI>://WOS:000434853100006},
	Volume = {6},
	Year = {2018},
	Bdsk-Url-1 = {%3CGo%20to%20ISI%3E://WOS:000434853100006},
	Bdsk-Url-2 = {http://dx.doi.org/10.7717/peerj.4967}}

@article{anderson2006,
	Author = {Anderson, C. L. and Delisle, B. P. and Anson, B. D. and Kilby, J. A. and Will, M. L. and Tester, D. J. and Gong, Q. M. and Zhou, Z. F. and Ackerman, M. J. and January, C. T.},
	Doi = {10.1161/Circulationaha.105.570200},
	Issn = {0009-7322},
	Journal = {Circulation},
	Number = {3},
	Pages = {365-373},
	Title = {Most LQT2 mutations reduce Kv11.1 (hERG) current by a class 2 (trafficking-deficient) mechanism},
	Type = {Journal Article},
	Url = {<Go to ISI>://WOS:000234830900011},
	Volume = {113},
	Year = {2006},
	Bdsk-Url-1 = {%3CGo%20to%20ISI%3E://WOS:000234830900011},
	Bdsk-Url-2 = {http://dx.doi.org/10.1161/Circulationaha.105.570200}}

@article{barrera2005,
	Author = {Barrera, F. N. and Renart, M. L. and Molina, M. L. and Poveda, J. A. and Encinar, J. A. and Fernandez, A. M. and Neira, J. L. and Gonzalez-Ros, J. M.},
	Doi = {10.1021/b050845t},
	Issn = {0006-2960},
	Journal = {Biochemistry},
	Number = {43},
	Pages = {14344-14352},
	Title = {Unfolding and refolding in vitro of a tetrameric, alpha-helical membrane protein: The prokaryotic potassium channel KcsA},
	Type = {Journal Article},
	Url = {<Go to ISI>://WOS:000232993300032},
	Volume = {44},
	Year = {2005},
	Bdsk-Url-1 = {%3CGo%20to%20ISI%3E://WOS:000232993300032},
	Bdsk-Url-2 = {http://dx.doi.org/10.1021/b050845t}}

@article{barrera2008,
	Author = {Barrera, F. N. and Renart, M. L. and Poveda, J. A. and De Kruijff, B. and Killian, J. A. and Gonzalez-Ros, J. M.},
	Doi = {10.1021/bi700778c},
	Issn = {0006-2960},
	Journal = {Biochemistry},
	Number = {7},
	Pages = {2123-2133},
	Title = {Protein self-assembly and lipid binding in the folding of the potassium channel KcsA},
	Type = {Journal Article},
	Url = {<Go to ISI>://WOS:000253102000030},
	Volume = {47},
	Year = {2008},
	Bdsk-Url-1 = {%3CGo%20to%20ISI%3E://WOS:000253102000030},
	Bdsk-Url-2 = {http://dx.doi.org/10.1021/bi700778c}}

@article{benson1996,
	Author = {Benson, D. W. and MacRae, C. A. and Vesely, M. R. and Walsh, E. P. and Seidman, J. G. and Seidman, C. E. and Satler, C. A.},
	Issn = {0009-7322},
	Journal = {Circulation},
	Number = {10},
	Pages = {1791-1795},
	Title = {Missense mutation in the pore region of HERG causes familial long QT syndrome},
	Type = {Journal Article},
	Url = {<Go to ISI>://WOS:A1996UK79500007},
	Volume = {93},
	Year = {1996},
	Bdsk-Url-1 = {%3CGo%20to%20ISI%3E://WOS:A1996UK79500007}}

@article{booth1995,
	Author = {Booth, P. J. and Flitsch, S. L. and Stern, L. J. and Greenhalgh, D. A. and Kim, P. S. and Khorana, H. G.},
	Doi = {DOI 10.1038/nsb0295-139},
	Issn = {1072-8368},
	Journal = {Nature Structural Biology},
	Number = {2},
	Pages = {139-143},
	Title = {Intermediates in the Folding of the Membrane-Protein Bacteriorhodopsin},
	Type = {Journal Article},
	Url = {<Go to ISI>://WOS:A1995RF66500011},
	Volume = {2},
	Year = {1995},
	Bdsk-Url-1 = {%3CGo%20to%20ISI%3E://WOS:A1995RF66500011},
	Bdsk-Url-2 = {http://dx.doi.org/10.1038/nsb0295-139}}

@article{bowie2005,
	Author = {Bowie, J. U.},
	Doi = {10.1038/nature04395},
	Issn = {0028-0836},
	Journal = {Nature},
	Number = {7068},
	Pages = {581-589},
	Title = {Solving the membrane protein folding problem},
	Type = {Journal Article},
	Url = {<Go to ISI>://WOS:000233593100035},
	Volume = {438},
	Year = {2005},
	Bdsk-Url-1 = {%3CGo%20to%20ISI%3E://WOS:000233593100035},
	Bdsk-Url-2 = {http://dx.doi.org/10.1038/nature04395}}

@article{bowman2010,
	Author = {Bowman, G. R. and Ensign, D. L. and Pande, V. S.},
	Doi = {10.1021/ct900620b},
	Issn = {1549-9618},
	Journal = {Journal of Chemical Theory and Computation},
	Number = {3},
	Pages = {787-794},
	Title = {Enhanced Modeling via Network Theory: Adaptive Sampling of Markov State Models},
	Type = {Journal Article},
	Url = {<Go to ISI>://WOS:000275189400018},
	Volume = {6},
	Year = {2010},
	Bdsk-Url-1 = {%3CGo%20to%20ISI%3E://WOS:000275189400018},
	Bdsk-Url-2 = {http://dx.doi.org/10.1021/ct900620b}}

@article{cavanagh2007,
	Author = {Cavanagh, J. and Fairbrother, W. J. and Palmer, A. G. and Rance, M. and Skelton, N. J.},
	Journal = {Protein Nmr Spectroscopy: Principles and Practice, 2nd Edition},
	Pages = {1-888},
	Title = {Protein NMR Spectroscopy: Principles and Practice, 2nd Edition},
	Type = {Journal Article},
	Url = {<Go to ISI>://WOS:000311353300013},
	Year = {2007},
	Bdsk-Url-1 = {%3CGo%20to%20ISI%3E://WOS:000311353300013}}

@article{cho1999,
	Author = {Cho, C. H. and Urquidi, J. and Singh, S. and Robinson, G. W.},
	Doi = {DOI 10.1021/jp9842953},
	Issn = {1089-5647},
	Journal = {Journal of Physical Chemistry B},
	Number = {11},
	Pages = {1991-1994},
	Title = {Thermal offset viscosities of liquid H2O, D2O, and T2O},
	Type = {Journal Article},
	Url = {<Go to ISI>://WOS:000079458300034},
	Volume = {103},
	Year = {1999},
	Bdsk-Url-1 = {%3CGo%20to%20ISI%3E://WOS:000079458300034},
	Bdsk-Url-2 = {http://dx.doi.org/10.1021/jp9842953}}

@article{choe2002,
	Author = {Choe, S.},
	Doi = {DOI 10.1038/nrn727},
	Issn = {1471-0048},
	Journal = {Nature Reviews Neuroscience},
	Number = {2},
	Pages = {115-121},
	Title = {Potassium channel structures},
	Type = {Journal Article},
	Url = {<Go to ISI>://WOS:000173726300018},
	Volume = {3},
	Year = {2002},
	Bdsk-Url-1 = {%3CGo%20to%20ISI%3E://WOS:000173726300018},
	Bdsk-Url-2 = {http://dx.doi.org/10.1038/nrn727}}

@article{cortes1997,
	Author = {Cortes, D. M. and Perozo, E.},
	Doi = {10.1021/bi971018y},
	Issn = {0006-2960 (Print) 0006-2960 (Linking)},
	Journal = {Biochemistry},
	Number = {33},
	Pages = {10343-52},
	Title = {Structural dynamics of the Streptomyces lividans K+ channel (SKC1): oligomeric stoichiometry and stability},
	Type = {Journal Article},
	Url = {https://www.ncbi.nlm.nih.gov/pubmed/9254634},
	Volume = {36},
	Year = {1997},
	Bdsk-Url-1 = {https://www.ncbi.nlm.nih.gov/pubmed/9254634},
	Bdsk-Url-2 = {http://dx.doi.org/10.1021/bi971018y}}

@article{cristian2003pnas,
	Author = {Cristian, L. and Lear, J. D. and DeGrado, W. F.},
	Doi = {10.1073/pnas.2536751100},
	Issn = {0027-8424 (Print) 0027-8424 (Linking)},
	Journal = {Proc Natl Acad Sci U S A},
	Number = {25},
	Pages = {14772-7},
	Title = {Use of thiol-disulfide equilibria to measure the energetics of assembly of transmembrane helices in phospholipid bilayers},
	Type = {Journal Article},
	Url = {https://www.ncbi.nlm.nih.gov/pubmed/14657351},
	Volume = {100},
	Year = {2003},
	Bdsk-Url-1 = {https://www.ncbi.nlm.nih.gov/pubmed/14657351},
	Bdsk-Url-2 = {http://dx.doi.org/10.1073/pnas.2536751100}}

@article{cristian2003protsci,
	Author = {Cristian, L. and Lear, J. D. and DeGrado, W. F.},
	Doi = {10.1110/ps.0378603},
	Issn = {0961-8368 (Print) 0961-8368 (Linking)},
	Journal = {Protein Sci},
	Number = {8},
	Pages = {1732-40},
	Title = {Determination of membrane protein stability via thermodynamic coupling of folding to thiol-disulfide interchange},
	Type = {Journal Article},
	Url = {https://www.ncbi.nlm.nih.gov/pubmed/12876322},
	Volume = {12},
	Year = {2003},
	Bdsk-Url-1 = {https://www.ncbi.nlm.nih.gov/pubmed/12876322},
	Bdsk-Url-2 = {http://dx.doi.org/10.1110/ps.0378603}}

@article{curnow2007,
	Author = {Curnow, P. and Booth, P. J.},
	Doi = {10.1073/pnas.0705067104},
	Issn = {0027-8424},
	Journal = {Proceedings of the National Academy of Sciences of the United States of America},
	Number = {48},
	Pages = {18970-18975},
	Title = {Combined kinetic and thermodynamic analysis of alpha-helical membrane protein unfolding},
	Type = {Journal Article},
	Url = {<Go to ISI>://WOS:000251498700020},
	Volume = {104},
	Year = {2007},
	Bdsk-Url-1 = {%3CGo%20to%20ISI%3E://WOS:000251498700020},
	Bdsk-Url-2 = {http://dx.doi.org/10.1073/pnas.0705067104}}

@article{cymer2015,
	Author = {Cymer, F. and von Heijne, G. and White, S. H.},
	Doi = {10.1016/j.jmb.2014.09.014},
	Issn = {1089-8638 (Electronic) 0022-2836 (Linking)},
	Journal = {J Mol Biol},
	Number = {5},
	Pages = {999-1022},
	Title = {Mechanisms of integral membrane protein insertion and folding},
	Type = {Journal Article},
	Url = {https://www.ncbi.nlm.nih.gov/pubmed/25277655},
	Volume = {427},
	Year = {2015},
	Bdsk-Url-1 = {https://www.ncbi.nlm.nih.gov/pubmed/25277655},
	Bdsk-Url-2 = {http://dx.doi.org/10.1016/j.jmb.2014.09.014}}

@article{dawson2002,
	Author = {Dawson, J. P. and Weinger, J. S. and Engelman, D. M.},
	Doi = {10.1006/jmbi.2001.5353},
	Issn = {0022-2836},
	Journal = {Journal of Molecular Biology},
	Number = {3},
	Pages = {799-805},
	Title = {Motifs of serine and threonine can drive association of transmembrane helices},
	Type = {Journal Article},
	Url = {<Go to ISI>://WOS:000174216400027},
	Volume = {316},
	Year = {2002},
	Bdsk-Url-1 = {%3CGo%20to%20ISI%3E://WOS:000174216400027},
	Bdsk-Url-2 = {http://dx.doi.org/10.1006/jmbi.2001.5353}}

@article{delaney2014,
	Author = {Delaney, E. and Khanna, P. and Tu, L. W. and Robinson, J. M. and Deutsch, C.},
	Doi = {10.1073/pnas.1324274111},
	Issn = {0027-8424},
	Journal = {Proceedings of the National Academy of Sciences of the United States of America},
	Number = {12},
	Pages = {4620-4625},
	Title = {Determinants of pore folding in potassium channel biogenesis},
	Type = {Journal Article},
	Url = {<Go to ISI>://WOS:000333341100064},
	Volume = {111},
	Year = {2014},
	Bdsk-Url-1 = {%3CGo%20to%20ISI%3E://WOS:000333341100064},
	Bdsk-Url-2 = {http://dx.doi.org/10.1073/pnas.1324274111}}

@article{delcour1989,
	Author = {Delcour, A. H. and Martinac, B. and Adler, J. and Kung, C.},
	Doi = {Doi 10.1016/S0006-3495(89)82710-9},
	Issn = {0006-3495},
	Journal = {Biophysical Journal},
	Number = {3},
	Pages = {631-636},
	Title = {Modified Reconstitution Method Used in Patch-Clamp Studies of Escherichia-Coli Ion Channels},
	Type = {Journal Article},
	Url = {<Go to ISI>://WOS:A1989AN28000021},
	Volume = {56},
	Year = {1989},
	Bdsk-Url-1 = {%3CGo%20to%20ISI%3E://WOS:A1989AN28000021},
	Bdsk-Url-2 = {http://dx.doi.org/10.1016/S0006-3495(89)82710-9}}

@article{eilers2000,
	Author = {Eilers, M. and Shekar, S. C. and Shieh, T. and Smith, S. O. and Fleming, P. J.},
	Doi = {DOI 10.1073/pnas.97.11.5796},
	Issn = {0027-8424},
	Journal = {Proceedings of the National Academy of Sciences of the United States of America},
	Number = {11},
	Pages = {5796-5801},
	Title = {Internal packing of helical membrane proteins},
	Type = {Journal Article},
	Url = {<Go to ISI>://WOS:000087318700025},
	Volume = {97},
	Year = {2000},
	Bdsk-Url-1 = {%3CGo%20to%20ISI%3E://WOS:000087318700025},
	Bdsk-Url-2 = {http://dx.doi.org/10.1073/pnas.97.11.5796}}

@article{engelman2003,
	Author = {Engelman, D. M. and Chen, Y. and Chin, C. N. and Curran, A. R. and Dixon, A. M. and Dupuy, A. D. and Lee, A. S. and Lehnert, U. and Matthews, E. E. and Reshetnyak, Y. K. and Senes, A. and Popot, J. L.},
	Doi = {10.1016/S0014-5793(03)01106-2},
	Issn = {0014-5793},
	Journal = {Febs Letters},
	Number = {1},
	Pages = {122-125},
	Title = {Membrane protein folding: beyond the two stage model},
	Type = {Journal Article},
	Url = {<Go to ISI>://WOS:000186867600023},
	Volume = {555},
	Year = {2003},
	Bdsk-Url-1 = {%3CGo%20to%20ISI%3E://WOS:000186867600023},
	Bdsk-Url-2 = {http://dx.doi.org/10.1016/S0014-5793(03)01106-2}}

@article{gajewski2011,
	Author = {Gajewski, C. and Dagcan, A. and Roux, B. and Deutsch, C.},
	Doi = {10.1073/pnas.1017097108},
	Issn = {0027-8424},
	Journal = {Proceedings of the National Academy of Sciences of the United States of America},
	Number = {8},
	Pages = {3240-3245},
	Title = {Biogenesis of the pore architecture of a voltage-gated potassium channel},
	Type = {Journal Article},
	Url = {<Go to ISI>://WOS:000287580400034},
	Volume = {108},
	Year = {2011},
	Bdsk-Url-1 = {%3CGo%20to%20ISI%3E://WOS:000287580400034},
	Bdsk-Url-2 = {http://dx.doi.org/10.1073/pnas.1017097108}}

@article{gratkowski2001,
	Author = {Gratkowski, H. and Lear, J. D. and DeGrado, W. F.},
	Doi = {DOI 10.1073/pnas.98.3.880},
	Issn = {0027-8424},
	Journal = {Proceedings of the National Academy of Sciences of the United States of America},
	Number = {3},
	Pages = {880-885},
	Title = {Polar side chains drive the association of model transmembrane peptides},
	Type = {Journal Article},
	Url = {<Go to ISI>://WOS:000166807300025},
	Volume = {98},
	Year = {2001},
	Bdsk-Url-1 = {%3CGo%20to%20ISI%3E://WOS:000166807300025},
	Bdsk-Url-2 = {http://dx.doi.org/10.1073/pnas.98.3.880}}

@article{guo2016,
	Author = {Guo, R. Q. and Gaffney, K. and Yang, Z. Y. and Kim, M. and Sungsuwan, S. and Huang, X. F. and Hubbell, W. L. and Hong, H.},
	Doi = {10.1038/Nchembio.2048},
	Issn = {1552-4450},
	Journal = {Nature Chemical Biology},
	Number = {5},
	Pages = {353-+},
	Title = {Steric trapping reveals a cooperativity network in the intramembrane protease GlpG},
	Type = {Journal Article},
	Url = {<Go to ISI>://WOS:000374322800010},
	Volume = {12},
	Year = {2016},
	Bdsk-Url-1 = {%3CGo%20to%20ISI%3E://WOS:000374322800010},
	Bdsk-Url-2 = {http://dx.doi.org/10.1038/Nchembio.2048}}

@article{harrigan2017,
	Author = {Harrigan, M. P. and Sultan, M. M. and Hernandez, C. X. and Husic, B. E. and Eastman, P. and Schwantes, C. R. and Beauchamp, K. A. and McGibbon, R. T. and Pande, V. S.},
	Doi = {DOI 10.1016/j.bpj.2016.10.042},
	Issn = {0006-3495},
	Journal = {Biophysical Journal},
	Number = {1},
	Pages = {10-15},
	Title = {MSMBuilder: Statistical Models for Biomolecular Dynamics},
	Type = {Journal Article},
	Url = {<Go to ISI>://WOS:000392163500004},
	Volume = {112},
	Year = {2017},
	Bdsk-Url-1 = {%3CGo%20to%20ISI%3E://WOS:000392163500004},
	Bdsk-Url-2 = {http://dx.doi.org/10.1016/j.bpj.2016.10.042}}

@article{heginbotham1997,
	Author = {Heginbotham, L. and Odessey, E. and Miller, C.},
	Doi = {DOI 10.1021/bi970988i},
	Issn = {0006-2960},
	Journal = {Biochemistry},
	Number = {33},
	Pages = {10335-10342},
	Title = {Tetrameric stoichiometry of a prokaryotic K+ channel},
	Type = {Journal Article},
	Url = {<Go to ISI>://WOS:A1997XR73500044},
	Volume = {36},
	Year = {1997},
	Bdsk-Url-1 = {%3CGo%20to%20ISI%3E://WOS:A1997XR73500044},
	Bdsk-Url-2 = {http://dx.doi.org/10.1021/bi970988i}}

@article{hermansson2003,
	Author = {Hermansson, M. and von Heijne, G.},
	Doi = {10.1016/j.jmb.2003.10.019},
	Issn = {0022-2836},
	Journal = {Journal of Molecular Biology},
	Number = {4},
	Pages = {803-809},
	Title = {Inter-helical hydrogen bond formation during membrane protein integration into the ER membrane},
	Type = {Journal Article},
	Url = {<Go to ISI>://WOS:000186918300014},
	Volume = {334},
	Year = {2003},
	Bdsk-Url-1 = {%3CGo%20to%20ISI%3E://WOS:000186918300014},
	Bdsk-Url-2 = {http://dx.doi.org/10.1016/j.jmb.2003.10.019}}

@article{huang2001,
	Author = {Huang, F. D. and Chen, J. and Lin, M. and Keating, M. T. and Sanguinetti, M. C.},
	Doi = {DOI 10.1161/hc3501.093815},
	Issn = {0009-7322},
	Journal = {Circulation},
	Number = {9},
	Pages = {1071-1075},
	Title = {Long-QT syndrome-associated missense mutations in the pore helix of the HERG potassium channel},
	Type = {Journal Article},
	Url = {<Go to ISI>://WOS:000170774400028},
	Volume = {104},
	Year = {2001},
	Bdsk-Url-1 = {%3CGo%20to%20ISI%3E://WOS:000170774400028},
	Bdsk-Url-2 = {http://dx.doi.org/10.1161/hc3501.093815}}

@article{jo2007,
	Author = {Jo, S. and Kim, T. and Im, W.},
	Doi = {ARTN e880 10.1371/journal.pone.0000880},
	Issn = {1932-6203},
	Journal = {Plos One},
	Number = {9},
	Title = {Automated Builder and Database of Protein/Membrane Complexes for Molecular Dynamics Simulations},
	Type = {Journal Article},
	Url = {<Go to ISI>://WOS:000207455600026},
	Volume = {2},
	Year = {2007},
	Bdsk-Url-1 = {%3CGo%20to%20ISI%3E://WOS:000207455600026},
	Bdsk-Url-2 = {http://dx.doi.org/10.1371/journal.pone.0000880}}

@article{jo2008,
	Author = {Jo, S. and Kim, T. and Iyer, V. G. and Im, W.},
	Doi = {10.1002/jcc.20945},
	Issn = {0192-8651},
	Journal = {Journal of Computational Chemistry},
	Number = {11},
	Pages = {1859-1865},
	Title = {Software news and updates - CHARNIM-GUI: A web-based grraphical user interface for CHARMM},
	Type = {Journal Article},
	Url = {<Go to ISI>://WOS:000258358100017},
	Volume = {29},
	Year = {2008},
	Bdsk-Url-1 = {%3CGo%20to%20ISI%3E://WOS:000258358100017},
	Bdsk-Url-2 = {http://dx.doi.org/10.1002/jcc.20945}}

@article{jo2009,
	Author = {Jo, S. and Lim, J. B. and Klauda, J. B. and Im, W.},
	Doi = {10.1016/j.bpj.2009.04.013},
	Issn = {0006-3495},
	Journal = {Biophysical Journal},
	Number = {1},
	Pages = {50-58},
	Title = {CHARMM-GUI Membrane Builder for Mixed Bilayers and Its Application to Yeast Membranes},
	Type = {Journal Article},
	Url = {<Go to ISI>://WOS:000267871000005},
	Volume = {97},
	Year = {2009},
	Bdsk-Url-1 = {%3CGo%20to%20ISI%3E://WOS:000267871000005},
	Bdsk-Url-2 = {http://dx.doi.org/10.1016/j.bpj.2009.04.013}}

@article{kahn1992,
	Author = {Kahn, T. W. and Engelman, D. M.},
	Doi = {DOI 10.1021/bi00141a027},
	Issn = {0006-2960},
	Journal = {Biochemistry},
	Number = {26},
	Pages = {6144-6151},
	Title = {Bacteriorhodopsin Can Be Refolded from 2 Independently Stable Transmembrane Helices and the Complementary 5-Helix Fragment},
	Type = {Journal Article},
	Url = {<Go to ISI>://WOS:A1992JC58800027},
	Volume = {31},
	Year = {1992},
	Bdsk-Url-1 = {%3CGo%20to%20ISI%3E://WOS:A1992JC58800027},
	Bdsk-Url-2 = {http://dx.doi.org/10.1021/bi00141a027}}

@article{kamnesky2014,
	Author = {Kamnesky, G. and Hirschhorn, O. and Shaked, H. and Chen, J. F. and Yao, L. S. and Chill, J. H.},
	Doi = {10.1002/pro.2525},
	Issn = {0961-8368},
	Journal = {Protein Science},
	Number = {10},
	Pages = {1403-1416},
	Title = {Molecular determinants of tetramerization in the KcsA cytoplasmic domain},
	Type = {Journal Article},
	Url = {<Go to ISI>://WOS:000342210600009},
	Volume = {23},
	Year = {2014},
	Bdsk-Url-1 = {%3CGo%20to%20ISI%3E://WOS:000342210600009},
	Bdsk-Url-2 = {http://dx.doi.org/10.1002/pro.2525}}

@article{kamnesky2012,
	Author = {Kamnesky, G. and Shaked, H. and Chill, J. H.},
	Doi = {10.1016/j.jmb.2012.02.023},
	Issn = {0022-2836},
	Journal = {Journal of Molecular Biology},
	Number = {3-4},
	Pages = {237-247},
	Title = {The Distal C-Terminal Region of the KcsA Potassium Channel Is a pH-Dependent Tetramerization Domain},
	Type = {Journal Article},
	Url = {<Go to ISI>://WOS:000303144300011},
	Volume = {418},
	Year = {2012},
	Bdsk-Url-1 = {%3CGo%20to%20ISI%3E://WOS:000303144300011},
	Bdsk-Url-2 = {http://dx.doi.org/10.1016/j.jmb.2012.02.023}}

@article{katira2016,
	Author = {Katira, S. and Mandadapu, K. K. and Vaikuntanathan, S. and Smit, B. and Chandler, D.},
	Doi = {ARTN e13150 10.7554/eLife.13150},
	Issn = {2050-084x},
	Journal = {Elife},
	Title = {Pre-transition effects mediate forces of assembly between transmembrane proteins},
	Type = {Journal Article},
	Url = {<Go to ISI>://WOS:000373889500001},
	Volume = {5},
	Year = {2016},
	Bdsk-Url-1 = {%3CGo%20to%20ISI%3E://WOS:000373889500001},
	Bdsk-Url-2 = {http://dx.doi.org/10.7554/eLife.13150}}

@article{kim2010,
	Author = {Kim, T. and Im, W.},
	Doi = {10.1016/j.bpj.2010.04.015},
	Issn = {1542-0086 (Electronic) 0006-3495 (Linking)},
	Journal = {Biophys J},
	Number = {1},
	Pages = {175-83},
	Title = {Revisiting hydrophobic mismatch with free energy simulation studies of transmembrane helix tilt and rotation},
	Type = {Journal Article},
	Url = {https://www.ncbi.nlm.nih.gov/pubmed/20655845},
	Volume = {99},
	Year = {2010},
	Bdsk-Url-1 = {https://www.ncbi.nlm.nih.gov/pubmed/20655845},
	Bdsk-Url-2 = {http://dx.doi.org/10.1016/j.bpj.2010.04.015}}

@article{kim2012,
	Author = {Kim, T. and Lee, K. I. and Morris, P. and Pastor, R. W. and Andersen, O. S. and Im, W.},
	Doi = {10.1016/j.bpj.2012.03.014},
	Issn = {1542-0086 (Electronic) 0006-3495 (Linking)},
	Journal = {Biophys J},
	Number = {7},
	Pages = {1551-60},
	Title = {Influence of hydrophobic mismatch on structures and dynamics of gramicidin a and lipid bilayers},
	Type = {Journal Article},
	Url = {https://www.ncbi.nlm.nih.gov/pubmed/22500755},
	Volume = {102},
	Year = {2012},
	Bdsk-Url-1 = {https://www.ncbi.nlm.nih.gov/pubmed/22500755},
	Bdsk-Url-2 = {http://dx.doi.org/10.1016/j.bpj.2012.03.014}}

@article{komarov2013,
	Author = {Komarov, A. G. and Costantino, C. A. and Valiyaveetil, F. I.},
	Doi = {10.1007/978-1-62703-345-9_1},
	Issn = {1940-6029 (Electronic) 1064-3745 (Linking)},
	Journal = {Methods Mol Biol},
	Pages = {3-17},
	Title = {Engineering K+ channels using semisynthesis},
	Type = {Journal Article},
	Url = {https://www.ncbi.nlm.nih.gov/pubmed/23494368},
	Volume = {995},
	Year = {2013},
	Bdsk-Url-1 = {https://www.ncbi.nlm.nih.gov/pubmed/23494368},
	Bdsk-Url-2 = {http://dx.doi.org/10.1007/978-1-62703-345-9_1}}

@article{krantz2002,
	Author = {Krantz, B. A. and Mayne, L. and Rumbley, J. and Englander, S. W. and Sosnick, T. R.},
	Doi = {10.1016/S0022-2836(02)01029-X},
	Issn = {0022-2836},
	Journal = {Journal of Molecular Biology},
	Number = {2},
	Pages = {359-371},
	Title = {Fast and slow intermediate accumulation and the initial barrier mechanism in protein folding},
	Type = {Journal Article},
	Url = {<Go to ISI>://WOS:000179585900015},
	Volume = {324},
	Year = {2002},
	Bdsk-Url-1 = {%3CGo%20to%20ISI%3E://WOS:000179585900015},
	Bdsk-Url-2 = {http://dx.doi.org/10.1016/S0022-2836(02)01029-X}}

@article{lague2001,
	Author = {Lague, P. and Zuckermann, M. J. and Roux, B.},
	Doi = {Doi 10.1016/S0006-3495(01)75698-6},
	Issn = {0006-3495},
	Journal = {Biophysical Journal},
	Number = {1},
	Pages = {276-284},
	Title = {Lipid-mediated interactions between intrinsic membrane proteins: Dependence on protein size and lipid composition},
	Type = {Journal Article},
	Url = {<Go to ISI>://WOS:000169587400024},
	Volume = {81},
	Year = {2001},
	Bdsk-Url-1 = {%3CGo%20to%20ISI%3E://WOS:000169587400024},
	Bdsk-Url-2 = {http://dx.doi.org/10.1016/S0006-3495(01)75698-6}}

@article{lear2003,
	Author = {Lear, J. D. and Gratkowski, H. and Adamian, L. and Liang, J. and DeGrado, W. F.},
	Doi = {10.1021/bi020573j},
	Issn = {0006-2960},
	Journal = {Biochemistry},
	Number = {21},
	Pages = {6400-6407},
	Title = {Position-dependence of stabilizing polar interactions of asparagine in transmembrane helical bundles},
	Type = {Journal Article},
	Url = {<Go to ISI>://WOS:000183210900009},
	Volume = {42},
	Year = {2003},
	Bdsk-Url-1 = {%3CGo%20to%20ISI%3E://WOS:000183210900009},
	Bdsk-Url-2 = {http://dx.doi.org/10.1021/bi020573j}}

@article{lee2006,
	Author = {Lee, D. and Hilty, C. and Wider, G. and Wuthrich, K.},
	Doi = {10.1016/j.jmr.2005.08.014},
	Issn = {1090-7807},
	Journal = {Journal of Magnetic Resonance},
	Number = {1},
	Pages = {72-76},
	Title = {Effective rotational correlation times of proteins from NMR relaxation interference},
	Type = {Journal Article},
	Url = {<Go to ISI>://WOS:000234722700008},
	Volume = {178},
	Year = {2006},
	Bdsk-Url-1 = {%3CGo%20to%20ISI%3E://WOS:000234722700008},
	Bdsk-Url-2 = {http://dx.doi.org/10.1016/j.jmr.2005.08.014}}

@article{lee2016,
	Author = {Lee, J. and Cheng, X. and Swails, J. M. and Yeom, M. S. and Eastman, P. K. and Lemkul, J. A. and Wei, S. and Buckner, J. and Jeong, J. C. and Qi, Y. F. and Jo, S. and Pande, V. S. and Case, D. A. and Brooks, C. L. and MacKerell, A. D. and Klauda, J. B. and Im, W.},
	Doi = {10.1021/acs.jctc.5b00935},
	Issn = {1549-9618},
	Journal = {Journal of Chemical Theory and Computation},
	Number = {1},
	Pages = {405-413},
	Title = {CHARMM-GUI Input Generator for NAMD, GROMACS, AMBER, OpenMM, and CHARMM/OpenMM Simulations Using the CHARMM36 Additive Force Field},
	Type = {Journal Article},
	Url = {<Go to ISI>://WOS:000368322500038},
	Volume = {12},
	Year = {2016},
	Bdsk-Url-1 = {%3CGo%20to%20ISI%3E://WOS:000368322500038},
	Bdsk-Url-2 = {http://dx.doi.org/10.1021/acs.jctc.5b00935}}

@article{long2005,
	Author = {Long, S. B. and Campbell, E. B. and MacKinnon, R.},
	Doi = {10.1126/science.1116270},
	Issn = {0036-8075},
	Journal = {Science},
	Number = {5736},
	Pages = {903-908},
	Title = {Voltage sensor of kv1.2: Structural basis of electromechanical coupling},
	Type = {Journal Article},
	Url = {<Go to ISI>://WOS:000231101400037},
	Volume = {309},
	Year = {2005},
	Bdsk-Url-1 = {%3CGo%20to%20ISI%3E://WOS:000231101400037},
	Bdsk-Url-2 = {http://dx.doi.org/10.1126/science.1116270}}

@article{mackenzie2008,
	Author = {MacKenzie, K. R. and Fleming, K. G.},
	Doi = {10.1016/j.sbi.2008.04.007},
	Issn = {0959-440X (Print) 0959-440X (Linking)},
	Journal = {Curr Opin Struct Biol},
	Number = {4},
	Pages = {412-9},
	Title = {Association energetics of membrane spanning alpha-helices},
	Type = {Journal Article},
	Url = {https://www.ncbi.nlm.nih.gov/pubmed/18539023},
	Volume = {18},
	Year = {2008},
	Bdsk-Url-1 = {https://www.ncbi.nlm.nih.gov/pubmed/18539023},
	Bdsk-Url-2 = {http://dx.doi.org/10.1016/j.sbi.2008.04.007}}

@article{marti1998,
	Author = {Marti, T.},
	Doi = {DOI 10.1074/jbc.273.15.9312},
	Issn = {0021-9258},
	Journal = {Journal of Biological Chemistry},
	Number = {15},
	Pages = {9312-9322},
	Title = {Refolding of bacteriorhodopsin from expressed polypeptide fragments},
	Type = {Journal Article},
	Url = {<Go to ISI>://WOS:000072990800103},
	Volume = {273},
	Year = {1998},
	Bdsk-Url-1 = {%3CGo%20to%20ISI%3E://WOS:000072990800103},
	Bdsk-Url-2 = {http://dx.doi.org/10.1074/jbc.273.15.9312}}

@article{mcgibbon2015,
	Author = {McGibbon, R. T. and Beauchamp, K. A. and Harrigan, M. P. and Klein, C. and Swails, J. M. and Hernandez, C. X. and Schwantes, C. R. and Wang, L. P. and Lane, T. J. and Pande, V. S.},
	Doi = {10.1016/j.bpj.2015.08.015},
	Issn = {0006-3495},
	Journal = {Biophysical Journal},
	Number = {8},
	Pages = {1528-1532},
	Title = {MDTraj: A Modern Open Library for the Analysis of Molecular Dynamics Trajectories},
	Type = {Journal Article},
	Url = {<Go to ISI>://WOS:000363361000004},
	Volume = {109},
	Year = {2015},
	Bdsk-Url-1 = {%3CGo%20to%20ISI%3E://WOS:000363361000004},
	Bdsk-Url-2 = {http://dx.doi.org/10.1016/j.bpj.2015.08.015}}

@article{min2015,
	Author = {Min, D. and Jefferson, R. E. and Bowie, J. U. and Yoon, T. Y.},
	Doi = {10.1038/Nchem.Bio.1939},
	Issn = {1552-4450},
	Journal = {Nature Chemical Biology},
	Number = {12},
	Pages = {981-987},
	Title = {Mapping the energy landscape for second-stage folding of a single membrane protein},
	Type = {Journal Article},
	Url = {<Go to ISI>://WOS:000365834000018},
	Volume = {11},
	Year = {2015},
	Bdsk-Url-1 = {%3CGo%20to%20ISI%3E://WOS:000365834000018},
	Bdsk-Url-2 = {http://dx.doi.org/10.1038/Nchem.Bio.1939}}

@article{molgedey1994,
	Author = {Molgedey, L. and Schuster, H. G.},
	Doi = {DOI 10.1103/PhysRevLett.72.3634},
	Issn = {0031-9007},
	Journal = {Physical Review Letters},
	Number = {23},
	Pages = {3634-3637},
	Title = {Separation of a Mixture of Independent Signals Using Time-Delayed Correlations},
	Type = {Journal Article},
	Url = {<Go to ISI>://WOS:A1994NP95800002},
	Volume = {72},
	Year = {1994},
	Bdsk-Url-1 = {%3CGo%20to%20ISI%3E://WOS:A1994NP95800002},
	Bdsk-Url-2 = {http://dx.doi.org/10.1103/PhysRevLett.72.3634}}

@article{molina2004,
	Author = {Molina, M. L. and Encinar, J. A. and Barrera, F. N. and Fernandez-Ballester, G. and Riquelme, G. and Gonzalez-Ros, J. M.},
	Doi = {10.1021/bi048889+},
	Issn = {0006-2960},
	Journal = {Biochemistry},
	Number = {47},
	Pages = {14924-14931},
	Title = {Influence of C-terminal protein domains and protein-lipid interactions on tetramerization and stability of the potassium channel KcsA},
	Type = {Journal Article},
	Url = {<Go to ISI>://WOS:000225353300006},
	Volume = {43},
	Year = {2004},
	Bdsk-Url-1 = {%3CGo%20to%20ISI%3E://WOS:000225353300006},
	Bdsk-Url-2 = {http://dx.doi.org/10.1021/bi048889+}}

@misc{nesg2011,
	Month = {October, 13th 2011},
	Type = {Web Page},
	Url = {http://www.nmr2.buffalo.edu/nesg.wiki/NMR_determined_Rotational_correlation_time},
	Bdsk-Url-1 = {http://www.nmr2.buffalo.edu/nesg.wiki/NMR_determined_Rotational_correlation_time}}

@article{noe2016,
	Author = {Noe, F. and Banisch, R. and Clementi, C.},
	Doi = {10.1021/acs.jctc.6b00762},
	Issn = {1549-9618},
	Journal = {Journal of Chemical Theory and Computation},
	Number = {11},
	Pages = {5620-5630},
	Title = {Commute Maps: Separating Slowly Mixing Molecular Configurations for Kinetic Modeling},
	Type = {Journal Article},
	Url = {<Go to ISI>://WOS:000387519400036},
	Volume = {12},
	Year = {2016},
	Bdsk-Url-1 = {%3CGo%20to%20ISI%3E://WOS:000387519400036},
	Bdsk-Url-2 = {http://dx.doi.org/10.1021/acs.jctc.6b00762}}

@article{noe2015,
	Author = {Noe, F. and Clementi, C.},
	Doi = {10.1021/acs.jctc.5b00553},
	Issn = {1549-9618},
	Journal = {Journal of Chemical Theory and Computation},
	Number = {10},
	Pages = {5002-5011},
	Title = {Kinetic Distance and Kinetic Maps from Molecular Dynamics Simulation},
	Type = {Journal Article},
	Url = {<Go to ISI>://WOS:000362921700047},
	Volume = {11},
	Year = {2015},
	Bdsk-Url-1 = {%3CGo%20to%20ISI%3E://WOS:000362921700047},
	Bdsk-Url-2 = {http://dx.doi.org/10.1021/acs.jctc.5b00553}}

@article{otzen2011,
	Author = {Otzen, D. E.},
	Doi = {10.1093/protein/gzq079},
	Issn = {1741-0126},
	Journal = {Protein Engineering Design & Selection},
	Number = {1-2},
	Pages = {139-149},
	Title = {Mapping the folding pathway of the transmembrane protein DsbB by protein engineering},
	Type = {Journal Article},
	Url = {<Go to ISI>://WOS:000285420400019},
	Volume = {24},
	Year = {2011},
	Bdsk-Url-1 = {%3CGo%20to%20ISI%3E://WOS:000285420400019},
	Bdsk-Url-2 = {http://dx.doi.org/10.1093/protein/gzq079}}

@article{paslawski2015,
	Author = {Paslawski, W. and Lillelund, O. K. and Kristensen, J. V. and Schafer, N. P. and Baker, R. P. and Urban, S. and Otzen, D. E.},
	Doi = {10.1073/pnas.1424751112},
	Issn = {0027-8424},
	Journal = {Proceedings of the National Academy of Sciences of the United States of America},
	Number = {26},
	Pages = {7978-7983},
	Title = {Cooperative folding of a polytopic alpha-helical membrane protein involves a compact N-terminal nucleus and nonnative loops},
	Type = {Journal Article},
	Url = {<Go to ISI>://WOS:000357079400041},
	Volume = {112},
	Year = {2015},
	Bdsk-Url-1 = {%3CGo%20to%20ISI%3E://WOS:000357079400041},
	Bdsk-Url-2 = {http://dx.doi.org/10.1073/pnas.1424751112}}

@article{perezHernandez2013,
	Author = {Perez-Hernandez, G. and Paul, F. and Giorgino, T. and De Fabritiis, G. and Noe, F.},
	Doi = {Artn 015102 10.1063/1.4811489},
	Issn = {0021-9606},
	Journal = {Journal of Chemical Physics},
	Number = {1},
	Title = {Identification of slow molecular order parameters for Markov model construction},
	Type = {Journal Article},
	Url = {<Go to ISI>://WOS:000321716400040},
	Volume = {139},
	Year = {2013},
	Bdsk-Url-1 = {%3CGo%20to%20ISI%3E://WOS:000321716400040},
	Bdsk-Url-2 = {http://dx.doi.org/10.1063/1.4811489}}

@article{phillips2005,
	Author = {Phillips, J. C. and Braun, R. and Wang, W. and Gumbart, J. and Tajkhorshid, E. and Villa, E. and Chipot, C. and Skeel, R. D. and Kale, L. and Schulten, K.},
	Doi = {10.1002/jcc.20289},
	Issn = {0192-8651},
	Journal = {Journal of Computational Chemistry},
	Number = {16},
	Pages = {1781-1802},
	Title = {Scalable molecular dynamics with NAMD},
	Type = {Journal Article},
	Url = {<Go to ISI>://WOS:000233021400007},
	Volume = {26},
	Year = {2005},
	Bdsk-Url-1 = {%3CGo%20to%20ISI%3E://WOS:000233021400007},
	Bdsk-Url-2 = {http://dx.doi.org/10.1002/jcc.20289}}

@article{pond2012,
	Author = {Pond, M. P. and Majumdar, A. and Lecomte, J. T. J.},
	Doi = {10.1021/bi300624a},
	Issn = {0006-2960},
	Journal = {Biochemistry},
	Number = {29},
	Pages = {5733-5747},
	Title = {Influence of Heme Post-Translational Modification and Distal Ligation on the Backbone Dynamics of a Monomeric Hemoglobin},
	Type = {Journal Article},
	Url = {<Go to ISI>://WOS:000306673900003},
	Volume = {51},
	Year = {2012},
	Bdsk-Url-1 = {%3CGo%20to%20ISI%3E://WOS:000306673900003},
	Bdsk-Url-2 = {http://dx.doi.org/10.1021/bi300624a}}

@article{popot1990,
	Author = {Popot, J. L. and Engelman, D. M.},
	Issn = {0006-2960 (Print) 0006-2960 (Linking)},
	Journal = {Biochemistry},
	Number = {17},
	Pages = {4031-7},
	Title = {Membrane protein folding and oligomerization: the two-stage model},
	Type = {Journal Article},
	Url = {https://www.ncbi.nlm.nih.gov/pubmed/1694455},
	Volume = {29},
	Year = {1990},
	Bdsk-Url-1 = {https://www.ncbi.nlm.nih.gov/pubmed/1694455}}

@article{popot1987,
	Author = {Popot, J. L. and Gerchman, S. E. and Engelman, D. M.},
	Doi = {Doi 10.1016/0022-2836(87)90208-7},
	Issn = {0022-2836},
	Journal = {Journal of Molecular Biology},
	Number = {4},
	Pages = {655-676},
	Title = {Refolding of Bacteriorhodopsin in Lipid Bilayers - a Thermodynamically Controlled 2-Stage Process},
	Type = {Journal Article},
	Url = {<Go to ISI>://WOS:A1987L453400010},
	Volume = {198},
	Year = {1987},
	Bdsk-Url-1 = {%3CGo%20to%20ISI%3E://WOS:A1987L453400010},
	Bdsk-Url-2 = {http://dx.doi.org/10.1016/0022-2836(87)90208-7}}

@article{schwantes2013,
	Author = {Schwantes, C. R. and Pande, V. S.},
	Doi = {10.1021/ct300878a},
	Issn = {1549-9618},
	Journal = {Journal of Chemical Theory and Computation},
	Number = {4},
	Pages = {2000-2009},
	Title = {Improvements in Markov State Model Construction Reveal Many Non-Native Interactions in the Folding of NTL9},
	Type = {Journal Article},
	Url = {<Go to ISI>://WOS:000317438100015},
	Volume = {9},
	Year = {2013},
	Bdsk-Url-1 = {%3CGo%20to%20ISI%3E://WOS:000317438100015},
	Bdsk-Url-2 = {http://dx.doi.org/10.1021/ct300878a}}

@article{shaw2009,
	Author = {Shaw, D. E.},
	Issn = {0065-7727},
	Journal = {Abstracts of Papers of the American Chemical Society},
	Title = {Anton: A specialized machine for millisecond-scale molecular dynamics simulations of proteins},
	Type = {Journal Article},
	Url = {<Go to ISI>://WOS:000207861904108},
	Volume = {238},
	Year = {2009},
	Bdsk-Url-1 = {%3CGo%20to%20ISI%3E://WOS:000207861904108}}

@article{shealy2003,
	Author = {Shealy, R. T. and Murphy, A. D. and Ramarathnam, R. and Jakobsson, E. and Subramaniam, S.},
	Doi = {Doi 10.1016/S0006-3495(03)70020-4},
	Issn = {0006-3495},
	Journal = {Biophysical Journal},
	Number = {5},
	Pages = {2929-2942},
	Title = {Sequence-function analysis of the K(+)-Selective family of ion channels using a comprehensive alignment and the KcsA channel structure},
	Type = {Journal Article},
	Url = {<Go to ISI>://WOS:000183123200013},
	Volume = {84},
	Year = {2003},
	Bdsk-Url-1 = {%3CGo%20to%20ISI%3E://WOS:000183123200013},
	Bdsk-Url-2 = {http://dx.doi.org/10.1016/S0006-3495(03)70020-4}}

@article{sosnick1996,
	Author = {Sosnick, T. R. and Mayne, L. and Englander, S. W.},
	Issn = {0887-3585},
	Journal = {Proteins-Structure Function and Bioinformatics},
	Number = {4},
	Pages = {413-426},
	Title = {Molecular collapse: The rate-limiting step in two-state cytochrome c folding},
	Type = {Journal Article},
	Url = {<Go to ISI>://WOS:A1996UF55700002},
	Volume = {24},
	Year = {1996},
	Bdsk-Url-1 = {%3CGo%20to%20ISI%3E://WOS:A1996UF55700002}}

@article{sosnick1994,
	Author = {Sosnick, T. R. and Mayne, L. and Hiller, R. and Englander, S. W.},
	Doi = {DOI 10.1038/nsb0394-149},
	Issn = {1072-8368},
	Journal = {Nature Structural Biology},
	Number = {3},
	Pages = {149-156},
	Title = {The Barriers in Protein-Folding},
	Type = {Journal Article},
	Url = {<Go to ISI>://WOS:A1994NU32200009},
	Volume = {1},
	Year = {1994},
	Bdsk-Url-1 = {%3CGo%20to%20ISI%3E://WOS:A1994NU32200009},
	Bdsk-Url-2 = {http://dx.doi.org/10.1038/nsb0394-149}}

@article{takeuchi2007,
	Author = {Takeuchi, K. and Takahashi, H. and Kawano, S. and Shimada, I.},
	Doi = {10.1074/jbc.M608264200},
	Issn = {0021-9258},
	Journal = {Journal of Biological Chemistry},
	Number = {20},
	Pages = {15179-15186},
	Title = {Identification and characterization of the slowly exchanging pH-dependent conformational rearrangement in KcsA},
	Type = {Journal Article},
	Url = {<Go to ISI>://WOS:000246589000057},
	Volume = {282},
	Year = {2007},
	Bdsk-Url-1 = {%3CGo%20to%20ISI%3E://WOS:000246589000057},
	Bdsk-Url-2 = {http://dx.doi.org/10.1074/jbc.M608264200}}

@article{tuckerman1992,
	Author = {Tuckerman, M. and Berne, B. J. and Martyna, G. J.},
	Doi = {Doi 10.1063/1.463137},
	Issn = {0021-9606},
	Journal = {Journal of Chemical Physics},
	Number = {3},
	Pages = {1990-2001},
	Title = {Reversible Multiple Time Scale Molecular-Dynamics},
	Type = {Journal Article},
	Url = {<Go to ISI>://WOS:A1992JE89100044},
	Volume = {97},
	Year = {1992},
	Bdsk-Url-1 = {%3CGo%20to%20ISI%3E://WOS:A1992JE89100044},
	Bdsk-Url-2 = {http://dx.doi.org/10.1063/1.463137}}

@article{ulmschneider2014,
	Author = {Ulmschneider, M. B. and Ulmschneider, J. P. and Schiller, N. and Wallace, B. A. and von Heijne, G. and White, S. H.},
	Doi = {ARTN 4863 10.1038/ncomms5863},
	Issn = {2041-1723},
	Journal = {Nature Communications},
	Title = {Spontaneous transmembrane helix insertion thermodynamically mimics translocon-guided insertion},
	Type = {Journal Article},
	Url = {<Go to ISI>://WOS:000342930300003},
	Volume = {5},
	Year = {2014},
	Bdsk-Url-1 = {%3CGo%20to%20ISI%3E://WOS:000342930300003},
	Bdsk-Url-2 = {http://dx.doi.org/10.1038/ncomms5863}}

@article{uysal2009,
	Author = {Uysal, S. and Vasquez, V. and Tereshko, V. and Esaki, K. and Fellouse, F. A. and Sidhu, S. S. and Koide, S. and Perozo, E. and Kossiakoff, A.},
	Doi = {10.1073/pnas.0810663106},
	Issn = {1091-6490 (Electronic) 0027-8424 (Linking)},
	Journal = {Proc Natl Acad Sci U S A},
	Number = {16},
	Pages = {6644-9},
	Title = {Crystal structure of full-length KcsA in its closed conformation},
	Type = {Journal Article},
	Url = {https://www.ncbi.nlm.nih.gov/pubmed/19346472},
	Volume = {106},
	Year = {2009},
	Bdsk-Url-1 = {https://www.ncbi.nlm.nih.gov/pubmed/19346472},
	Bdsk-Url-2 = {http://dx.doi.org/10.1073/pnas.0810663106}}

@article{valiyaveetil2002semi,
	Author = {Valiyaveetil, F. I. and MacKinnon, R. and Muir, T. W.},
	Issn = {0002-7863 (Print) 0002-7863 (Linking)},
	Journal = {J Am Chem Soc},
	Number = {31},
	Pages = {9113-20},
	Title = {Semisynthesis and folding of the potassium channel KcsA},
	Type = {Journal Article},
	Url = {https://www.ncbi.nlm.nih.gov/pubmed/12149015},
	Volume = {124},
	Year = {2002},
	Bdsk-Url-1 = {https://www.ncbi.nlm.nih.gov/pubmed/12149015}}

@article{valiyaveetil2002lipids,
	Author = {Valiyaveetil, F. I. and Zhou, Y. and MacKinnon, R.},
	Issn = {0006-2960 (Print) 0006-2960 (Linking)},
	Journal = {Biochemistry},
	Number = {35},
	Pages = {10771-7},
	Title = {Lipids in the structure, folding, and function of the KcsA K+ channel},
	Type = {Journal Article},
	Url = {https://www.ncbi.nlm.nih.gov/pubmed/12196015},
	Volume = {41},
	Year = {2002},
	Bdsk-Url-1 = {https://www.ncbi.nlm.nih.gov/pubmed/12196015}}

@article{visscher2017,
	Author = {Visscher, K. M. and Medeiros-Silva, J. and Mance, D. and Rodrigues, J. P. G. L. M. and Daniels, M. and Bonvin, A. M. J. J. and Baldus, M. and Weingarth, M.},
	Doi = {10.1002/anie.201705723},
	Issn = {1433-7851},
	Journal = {Angewandte Chemie-International Edition},
	Number = {43},
	Pages = {13222-+},
	Title = {Supramolecular Organization and Functional Implications of K+ Channel Clusters in Membranes},
	Type = {Journal Article},
	Url = {<Go to ISI>://WOS:000412755200001},
	Volume = {56},
	Year = {2017},
	Bdsk-Url-1 = {%3CGo%20to%20ISI%3E://WOS:000412755200001},
	Bdsk-Url-2 = {http://dx.doi.org/10.1002/anie.201705723}}

@article{white1999,
	Author = {White, S. H. and Wimley, W. C.},
	Doi = {DOI 10.1146/annurev.biophys.28.1.319},
	Issn = {1056-8700},
	Journal = {Annual Review of Biophysics and Biomolecular Structure},
	Pages = {319-365},
	Title = {Membrane protein folding and stability: Physical principles},
	Type = {Journal Article},
	Url = {<Go to ISI>://WOS:000081271400014},
	Volume = {28},
	Year = {1999},
	Bdsk-Url-1 = {%3CGo%20to%20ISI%3E://WOS:000081271400014},
	Bdsk-Url-2 = {http://dx.doi.org/10.1146/annurev.biophys.28.1.319}}

@article{wu2014,
	Author = {Wu, E. L. and Cheng, X. and Jo, S. and Rui, H. and Song, K. C. and Davila-Contreras, E. M. and Qi, Y. F. and Lee, J. M. and Monje-Galvan, V. and Venable, R. M. and Klauda, J. B. and Im, W.},
	Doi = {10.1002/jcc.23702},
	Issn = {0192-8651},
	Journal = {Journal of Computational Chemistry},
	Number = {27},
	Pages = {1997-2004},
	Title = {CHARMM-GUI Membrane Builder Toward Realistic Biological Membrane Simulations},
	Type = {Journal Article},
	Url = {<Go to ISI>://WOS:000342747400006},
	Volume = {35},
	Year = {2014},
	Bdsk-Url-1 = {%3CGo%20to%20ISI%3E://WOS:000342747400006},
	Bdsk-Url-2 = {http://dx.doi.org/10.1002/jcc.23702}}

@article{yu2017,
	Author = {Yu, H. and Siewny, M. G. W. and Edwards, D. T. and Sanders, A. W. and Perkins, T. T.},
	Doi = {10.1126/science.aah7124},
	Issn = {0036-8075},
	Journal = {Science},
	Number = {6328},
	Pages = {945-949},
	Title = {Hidden dynamics in the unfolding of individual bacteriorhodopsin proteins},
	Type = {Journal Article},
	Url = {<Go to ISI>://WOS:000395181700038},
	Volume = {355},
	Year = {2017},
	Bdsk-Url-1 = {%3CGo%20to%20ISI%3E://WOS:000395181700038},
	Bdsk-Url-2 = {http://dx.doi.org/10.1126/science.aah7124}}

@article{yuchi2008,
	Author = {Yuchi, Z. G. and Pau, V. P. T. and Yang, D. S. C.},
	Doi = {10.1111/j.1742-4658.2008.06747.x},
	Issn = {1742-464x},
	Journal = {Febs Journal},
	Number = {24},
	Pages = {6228-6236},
	Title = {GCN4 enhances the stability of the pore domain of potassium channel KcsA},
	Type = {Journal Article},
	Url = {<Go to ISI>://WOS:000261184700018},
	Volume = {275},
	Year = {2008},
	Bdsk-Url-1 = {%3CGo%20to%20ISI%3E://WOS:000261184700018},
	Bdsk-Url-2 = {http://dx.doi.org/10.1111/j.1742-4658.2008.06747.x}}

@article{zerangue2000,
	Author = {Zerangue, N. and Jan, Y. N. and Jan, L. Y.},
	Doi = {DOI 10.1073/pnas.060016797},
	Issn = {0027-8424},
	Journal = {Proceedings of the National Academy of Sciences of the United States of America},
	Number = {7},
	Pages = {3591-3595},
	Title = {An artificial tetramerization domain restores efficient assembly of functional Shaker channels lacking T1},
	Type = {Journal Article},
	Url = {<Go to ISI>://WOS:000086195200113},
	Volume = {97},
	Year = {2000},
	Bdsk-Url-1 = {%3CGo%20to%20ISI%3E://WOS:000086195200113},
	Bdsk-Url-2 = {http://dx.doi.org/10.1073/pnas.060016797}}

@article{zhou2001,
	Author = {Zhou, F. X. and Merianos, H. J. and Brunger, A. T. and Engelman, D. M.},
	Doi = {DOI 10.1073/pnas.041593698},
	Issn = {0027-8424},
	Journal = {Proceedings of the National Academy of Sciences of the United States of America},
	Number = {5},
	Pages = {2250-2255},
	Title = {Polar residues drive association of polyleucine transmembrane helices},
	Type = {Journal Article},
	Url = {<Go to ISI>://WOS:000167258900029},
	Volume = {98},
	Year = {2001},
	Bdsk-Url-1 = {%3CGo%20to%20ISI%3E://WOS:000167258900029},
	Bdsk-Url-2 = {http://dx.doi.org/10.1073/pnas.041593698}}
